% Encoding: UTF-8

@Book{john2007digital,
  title     = {Digital signal processing: principles, algorithms, and applications},
  publisher = {Pearson Prentice Hall},
  year      = {2007},
  author    = {John G.. Proakis and Dimitris G.. Manolakis},
}

@Book{tranter2004principles,
  title     = {Principles of communication systems simulation with wireless applications},
  publisher = {Prentice Hall New Jersey},
  year      = {2004},
  author    = {Tranter, William H and Rappaport, Theodore S and Kosbar, Kurt L and Shanmugan, K Sam},
}

@InProceedings{kashefi12,
  author        = {Kashefi, Hamide and Karimkeshteh, Sahar and Ghomash, H Khoshbin},
  title         = {Spectrum-based SNR estimator for analog and digital bandpass signals},
  booktitle     = {Telecommunications (IST), 2012 Sixth International Symposium on},
  year          = {2012},
  pages         = {373--377},
  organization  = {IEEE},
  __markedentry = {[andoni_santos:]},
}

@InProceedings{xiao10,
  author        = {Xiao, Haifeng and Shi, Yun Q and Su, Wei and Kosinski, John},
  title         = {An investigation of non-data-aided snr estimation techniques for analog modulation signals},
  booktitle     = {Sarnoff Symposium, 2010 IEEE},
  year          = {2010},
  pages         = {1--5},
  organization  = {IEEE},
  __markedentry = {[andoni_santos:6]},
}

@inproceedings{harris12,
  title={SNR estimation techniques for low SNR signals},
  author={Harris, Fred and Dick, Chris},
  booktitle={Wireless Personal Multimedia Communications (WPMC), 2012 15th International Symposium on},
  pages={276--280},
  year={2012},
  organization={IEEE}
}

@Article{matzner93,
  author  = {Matzner, Rolf},
  title   = {An SNR estimation algorithm for complex baseband signals using higher order statistics},
  journal = {Facta Universitatis (Nis)},
  year    = {1993},
  volume  = {6},
  number  = {1},
  pages   = {41--52},
}

@article{ren05,
  title={A new SNR's estimator for QPSK modulations in an AWGN channel},
  author={Ren, Guangliang and Chang, Yilin and Zhang, Hui},
  journal={IEEE Transactions on Circuits and Systems II: Express Briefs},
  volume={52},
  number={6},
  pages={336--338},
  year={2005},
  publisher={IEEE}
}

@Comment{jabref-meta: databaseType:bibtex;}
