% Encoding: UTF-8

@Article{Almeida16,
  author    = {Almeida, {\'A}lvaro J and Muga, Nelson J and Silva, Nuno A and Prata, Jo{\~a}o M and Andr{\'e}, Paulo S and Pinto, Armando N},
  title     = {Continuous Control of Random Polarization Rotations for Quantum Communications},
  journal   = {Journal of Lightwave Technology},
  year      = {2016},
  volume    = {34},
  number    = {16},
  pages     = {3914--3922},
  publisher = {IEEE},
}

@Comment{jabref-meta: databaseType:bibtex;}

@article{Czegledi16,
  title={Polarization drift channel model for coherent fibre-optic systems},
  author={Czegledi, Cristian B and Karlsson, Magnus and Agrell, Erik and Johannisson, Pontus},
  journal={Scientific reports},
  volume={6},
  pages={21217},
  year={2016},
  publisher={Nature Publishing Group}
}
