% Encoding: UTF-8

@InBook{jeruchim06,
  chapter   = {10},
  pages     = {645--654},
  title     = {Simulation of communication systems: modeling, methodology and techniques},
  publisher = {Springer Science \& Business Media},
  year      = {2006},
  author    = {Jeruchim, Michel C. and Balaban, Philip and Shanmugan, K. Sam},
}

@Comment{jabref-meta: databaseType:bibtex;}
