% Encoding: UTF-8


@inproceedings{Bennet84,
  title={Quantum cryptography: Public key distribution and coin tossing},
  author={Bennet, Charles H},
  booktitle={Proc. of IEEE Int. Conf. on Comp., Syst. and Signal Proc., Bangalore, India, Dec. 10-12, 1984},
  year={1984}
}

@Article{Yakoubov,
  author = {Yakoubov, Sophia},
  title  = {A Gentle Introduction to Yaos Garbled Circuits},
  year   = {2017},
}

@Article{Naumann16,
  author  = {Naumann, Frederic},
  title   = {Garbled Circuits},
  journal = {Network},
  year    = {2016},
  volume  = {71},
}

@Article{Songhori,
  author = {Songhori, Ebrahim M. and Hussain, Siam U. and Sadeghi, Ahmad-Reza and Schneider, Thomas and Koushanfar, Farinaz},
  title  = {TinyGarble: Highly Compressed and Scalable Sequential Garbled Circuits},
  year   = {2015},
}

@Comment{jabref-meta: databaseType:bibtex;}
