% Encoding: UTF-8

@inproceedings{Yao1995,
  doi = {10.1145/225058.225085},
  url = {https://doi.org/10.1145/225058.225085},
  year  = {1995},
  publisher = {{ACM} Press},
  author = {Andrew Chi-Chih Yao},
  title = {Security of quantum protocols against coherent measurements},
  booktitle = {Proceedings of the twenty-seventh annual {ACM} symposium on Theory of computing  - {STOC} {\textquotesingle}95}
}
@inproceedings{Mayers,
 author = {Mayers, Dominic},
 title = {On the Security of the Quantum Oblivious Transfer and Key Distribution Protocols},
 booktitle = {Proceedings of the 15th Annual International Cryptology Conference on Advances in Cryptology},
 series = {CRYPTO '95},
 year = {1995},
 isbn = {3-540-60221-6},
 pages = {124--135},
 numpages = {12},
 url = {http://dl.acm.org/citation.cfm?id=646760.705993},
 acmid = {705993},
 publisher = {Springer-Verlag},
 address = {London, UK, UK},
} 