%% LaTeX2e file `references.bib'
%% generated by the `filecontents' environment
%% from source `teste' on 2018/03/29.
%%
@book{knuth1986texbook,
  keywords = {book},
  title={The texbook},
  author={Knuth, D.E. and Bibby, D.},
  volume={1993},
  year={1986},
  publisher={Addison-Wesley}
}
@article{knuth1977fast,
  keywords = {article},
  title={Fast pattern matching in strings},
  author={Knuth, D.E. and Morris Jr, J.H. and Pratt, V.R.},
  journal={SIAM journal on computing},
  volume={6},
  number={2},
  pages={323--350},
  year={1977},
  publisher={SIAM}
}
