% Encoding: UTF-8

@Article{Songhori,
  author = {Songhori, Ebrahim M. and Hussain, Siam U. and Sadeghi, Ahmad-Reza and Schneider, Thomas and Koushanfar, Farinaz},
  title  = {TinyGarble: Highly Compressed and Scalable Sequential Garbled Circuits},
  year   = {2015},
}

@Comment{jabref-meta: databaseType:bibtex;}
