% Encoding: UTF-8

@Standard{beamsplittermystery,
  title        = {Quantum physics and the beam splitter mystery},
  organization = {Université Joseph Fourier, Centre National de la Recherche Scientifique},
  institution  = {Institut de Planétologie et d’Astrophysique de Grenoble},
  author       = {François Hénault},
  address      = {B.P. 53, 38041 Grenoble – France},
}

@Comment{jabref-meta: databaseType:bibtex;}
