Automatically generated by Mendeley Desktop 1.17.13
Any changes to this file will be lost if it is regenerated by Mendeley.

BibTeX export options can be customized via Options -> BibTeX in Mendeley Desktop

@book{Kuo,
abstract = {},
author = {Kuo, Sen M. (Sen-Maw) and Lee, Bob H. and Tian, Wenshun.},
isbn = {9781118414323},
title = {{Real-time digital signal processing : fundamentals, implementations and applications}},
url = {https://www.wiley.com/en-us/Real+Time+Digital+Signal+Processing{\%}3A+Fundamentals{\%}2C+Implementations+and+Applications{\%}2C+3rd+Edition-p-9781118414323}
}
@book{Rappaport2002,
abstract = {},
author = {Rappaport, Theodore S.},
isbn = {0130422320},
pages = {707},
publisher = {Prentice Hall PTR},
title = {{Wireless communications : principles and practice}},
year = {2002}
}
@book{Oppenheim1999,
abstract = {},
author = {Oppenheim, Alan V. and Schafer, Ronald W. and Buck, John R.},
isbn = {0137549202},
pages = {870},
publisher = {Prentice Hall},
title = {{Discrete-time signal processing}},
url = {https://dl.acm.org/citation.cfm?id=294797},
year = {1999}
}
