Automatically generated by Mendeley Desktop 1.17.13
Any changes to this file will be lost if it is regenerated by Mendeley.

BibTeX export options can be customized via Options -> BibTeX in Mendeley Desktop

@book{Smith1999,
abstract = {2nd edition.},
author = {Smith, Steven W.},
isbn = {0966017676},
publisher = {California Technical Pub},
title = {{The scientist and engineer's guide to digital signal processing}},
year = {1999}
}
@book{Blahut1985,
author = {Blahut, Richard E. and E., Richard},
isbn = {0201101556},
pages = {441},
publisher = {Addison-Wesley Pub. Co},
title = {{Fast algorithms for digital signal processing}},
url = {https://dl.acm.org/citation.cfm?id=537283},
year = {1985}
}
