% Encoding: UTF-8

@Article{zhou11,
  author  = {Zhou, Xiang and Yu, Jianjun and Huang, Ming-Fang and Shao, Yin and Wang, Ting and Nelson, Lynn and Magill, Peter and Birk, Martin and Borel, Peter I and Peckham, David W and others},
  title   = {64-Tb/s, 8 b/s/Hz, PDM-36QAM transmission over 320 km using both pre-and post-transmission digital signal processing},
  journal = {Journal of Lightwave Technology},
  year    = {2011},
  volume  = {29},
  number  = {4},
  pages   = {571--577},
}

@InProceedings{selmi09,
  author       = {Selmi, Mehrez and Jaou{\"e}n, Yves and Ciblat, Philippe},
  title        = {Accurate digital frequency offset estimator for coherent PolMux QAM transmission systems},
  booktitle    = {Optical Communication, 2009. ECOC'09. 35th European Conference on},
  year         = {2009},
  pages        = {1--2},
  organization = {IEEE},
}

@Comment{jabref-meta: databaseType:bibtex;}
