% Encoding: UTF-8

@Article{soh15,
  author    = {Soh, Daniel BS and Brif, Constantin and Coles, Patrick J and L{\"u}tkenhaus, Norbert and Camacho, Ryan M and Urayama, Junji and Sarovar, Mohan},
  title     = {Self-referenced continuous-variable quantum key distribution protocol},
  journal   = {Physical Review X},
  year      = {2015},
  volume    = {5},
  number    = {4},
  pages     = {041010},
  publisher = {APS},
}

@Article{qi15,
  author    = {Qi, Bing and Lougovski, Pavel and Pooser, Raphael and Grice, Warren and Bobrek, Miljko},
  title     = {Generating the local oscillator ``locally'' in continuous-variable quantum key distribution based on coherent detection},
  journal   = {Physical Review X},
  year      = {2015},
  volume    = {5},
  number    = {4},
  pages     = {041009},
  publisher = {APS},
}

@Comment{jabref-meta: databaseType:bibtex;}
