% Encoding: UTF-8

@InBook{jeruchim06,
  chapter   = {10},
  pages     = {645--654},
  title     = {Simulation of communication systems: modeling, methodology and techniques},
  publisher = {Springer Science \& Business Media},
  year      = {2006},
  author    = {Jeruchim, Michel C. and Balaban, Philip and Shanmugan, K. Sam},
}

@article{tranter94,
  title={Simulation of communication systems},
  author={Tranter, William H and Kosbar, Kurt L},
  journal={IEEE Communications Magazine},
  volume={32},
  number={7},
  pages={26--35},
  year={1994},
  publisher={IEEE}
}

@article{torrence98,
  title={A practical guide to wavelet analysis},
  author={Torrence, Christopher and Compo, Gilbert P},
  journal={Bulletin of the American Meteorological society},
  volume={79},
  number={1},
  pages={61--78},
  year={1998},
  publisher={American Meteorological Society}
}

@article{zhu15,
  title={Determination of the Confidence Level of PSD Estimation with Given DOF Based on WELCH Algorithm},
  author={Zhu, Xue-wang and Zhang, Si-jian and Liu, Qing-lin},
  year={2015}
}

@online{weisstein18csd,
	author		= {Weisstein, Eric W.},
	title		= {Chi-Squared Distribution},
	subtitle	= {From MathWorld--A Wolfram Web Resource},
	note		= {Visited on 16/06/18},
	url			= {http://mathworld.wolfram.com/Chi-SquaredDistribution.html}
}

@online{weisstein18igf,
	author		= {Weisstein, Eric W.},
	title		= {Incomplete Gamma Function},
	subtitle	= {From MathWorld--A Wolfram Web Resource},
	note		= {Visited on 16/06/18},
	url			= {http://mathworld.wolfram.com/IncompleteGammaFunction.html}
}

@article{nsapplication255,
	title	= {Power Spectrum Estimation},
	journal	= {National Semiconductor, Application Note},
	volume	= {AN-255},
	year	= {1980},
	month	= {November}
}
@Comment{jabref-meta: databaseType:bibtex;}
