% Encoding: UTF-8

@Book{saleh1991,
  title     = {Fundamentals of photonics},
  publisher = {John Wiley \& Sons},
  year      = {1991},
  author    = {Saleh, Bahaa E. A. and Teich, Malvin Carl},
  series    = {Wiley series in pure and applied optics},
  address   = {New York (NY)},
}

@Comment{jabref-meta: databaseType:bibtex;}
