Automatically generated by Mendeley Desktop 1.17.13
Any changes to this file will be lost if it is regenerated by Mendeley.

BibTeX export options can be customized via Options -> BibTeX in Mendeley Desktop

@book{Oppenheim1999,
abstract = {2nd ed. Discrete-time signals and systems -- The z-transform -- Sampling of continuous-time signals -- Transform analysis of linear time-invariant systems -- Structures for discrete-time systems -- Filter design techniques -- The discrete Fourier transform -- Computation of the discrete Fourier transform -- Fourier analysis of signals using the discrete Fourier transform -- Discrete Hilbert transforms.},
author = {Oppenheim, Alan V. and Schafer, Ronald W. and Buck, John R.},
isbn = {0137549202},
pages = {870},
publisher = {Prentice Hall},
title = {{Discrete-time signal processing}},
year = {1999}
}
@inproceedings{Marple,
author = {Marple, S.L.},
booktitle = {Conference Record of the Thirty-First Asilomar Conference on Signals, Systems and Computers (Cat. No.97CB36136)},
doi = {10.1109/ACSSC.1997.679118},
isbn = {0-8186-8316-3},
pages = {1322--1325},
publisher = {IEEE Comput. Soc},
title = {{Computing the discrete-time 'analytic' signal via FFT}},
url = {http://ieeexplore.ieee.org/document/679118/},
volume = {2}
}
