% Encoding: UTF-8

@Book{saleh1991,
  title     = {Fundamentals of photonics},
  publisher = {John Wiley \& Sons},
  year      = {1991},
  author    = {Saleh, B. E. and Teich, M. C.},
  series    = {Wiley series in pure and applied optics},
  address   = {New York (NY)},
}

@Book{smith1997,
  title     = {The scientist and engineer's guide to digital signal processing},
  publisher = {California Technical Pub. San Diego},
  year      = {1997},
  author    = {Smith, S. W. and others},
}

@Article{george2011,
  author    = {G. Florence and K. B. Golam},
  title     = {Confidence intervals for signal to noise ratio of a Poisson distribution},
  journal   = {American Journal of Biostatistics},
  year      = {2011},
  volume    = {2},
  number    = {2},
  pages     = {44},
  publisher = {Science Publications},
}

@Comment{jabref-meta: databaseType:bibtex;}
