% Encoding: UTF-8

@book{Wesolowski09,
  title={Introduction to digital communication systems},
  author={Wesolowski, Krzysztof},
  year={2009},
  publisher={John Wiley \& Sons}
}

@Comment{jabref-meta: databaseType:bibtex;}
