Automatically generated by Mendeley Desktop 1.18
Any changes to this file will be lost if it is regenerated by Mendeley.

BibTeX export options can be customized via Options -> BibTeX in Mendeley Desktop

@misc{NPTEL,
mendeley-groups = {iq{\_}modulator},
title = {{ National Programme on Technology Enhanced Learning (NPTEL) :: Electronics {\&} Communication Engineering : Optical communications}},
url = {https://nptel.ac.in/courses/117104127/5},
}